<?xml version="1.0" encoding="UTF-8"?><collection xmlns="http://www.loc.gov/MARC21/slim"><record><leader>00350nam--2200133-i-4500</leader><controlfield tag="001">000002245</controlfield><controlfield tag="002">20161230</controlfield><controlfield tag="005">20161230201024</controlfield><controlfield tag="008">060222s1000------------r-----000-0-eng-d</controlfield><datafield ind1=" " ind2=" " tag="080"><subfield code="a">548.7</subfield></datafield><datafield ind1=" " ind2=" " tag="100"><subfield code="a">Greenwood, N. N</subfield></datafield><datafield ind1=" " ind2=" " tag="245"><subfield code="a">Ionic crystals lattice defects and nonstoichiometry</subfield></datafield><datafield ind1=" " ind2=" " tag="260"><subfield code="a">London, Butterworths, 1968. Viii + 194 P</subfield></datafield><datafield ind1=" " ind2=" " tag="852"><subfield code="a">77496</subfield></datafield></record></collection>